%% This BibTeX bibliography file was created using BibDesk.
%% http://bibdesk.sourceforge.net/


%% Created for Bichen Shi at 2017-03-13 3:15:56 p.m. +0000 


%% Saved with string encoding Unicode (UTF-8) 


@comment{jabref-meta: databaseType:bibtex;}
@inproceedings{chen2016empirical,
	title={An empirical analysis of algorithmic pricing on Amazon marketplace},
	author={Chen, Le and Mislove, Alan and Wilson, Christo},
	booktitle={Proceedings of the 25th International Conference on World Wide Web},
	pages={1339--1349},
	year={2016},
	organization={International World Wide Web Conferences Steering Committee}
}

@article{kantor2015inside,
	title={Inside Amazon: Wrestling big ideas in a bruising workplace},
	author={Kantor, Jodi and Streitfeld, David},
	journal={New York Times},
	volume={15},
	pages={74--80},
	year={2015}
}
@misc{taftamazon,
	title={Amazon buy box: The internet's \$80 billion sales button. eWeek},
	author={Taft, DK},
	year={October 2014}
}
@misc{ramo1999person,
	title={person of the year{\guillemotright}},
	author={Ramo, Joshua Cooper and Bezos, Jeffrey Preston},
	year={1999},
	publisher={Time}
}
@misc{amazon17,
	title={Increase your chances of winning the buy box.},
	author={Amazon.com},
	year={2017},
	howpublishe={"https: //www.amazon.com/gp/help/customer/display.html/ref=hp_rel_topic\?ie=UTF8\&nodeId=201687830},
	note = {"Online; accessed 10-12-2017"}
}

